
@article{nevinicaToplivnyyCiklLegkovodnogo2019_author,
	title = {Топливный Цикл Легководного Реактора С Полным Использованием Регенерированного Урана},
	volume = {8},
	issn = {2304-487X},
	url = {https://elibrary.ru/item.asp?id=41475940},
	doi = {10.1134/S2304487X19060075},
	abstract = {Рассмотрена проблема многократного рециклирования урана в топливном цикле реакторов на тепловых нейтронах. Основные пути повторного использования выделенного из отработавшего топлива регенерированного урана связаны с его обогащением по целевому делящемуся изотопу 235U в каскадах газовых центрифуг. Однако этот процесс технически затруднителен из-за присутствия в его изотопном составе искусственных изотопов 232, 236U, а также повышенного по отношению к природному урану содержания 234U. Из-за накладываемых на содержание указанных изотопов ограничений, связанных с требованиями к радиационным и нейтронно-физическим характеристикам низкообогащенного урана, при попытке многократного рецикла регенерированного урана возникают препятствия для полного возврата материала в цикл с использованием предложенных на сегодняшний момент схем его обогащения. Это обуславливает необходимость поиска новых схем обогащения регенерата, позволяющих решать указанную проблему. В работе на основе модифицированного двойного каскада предложен способ, позволяющий получить продукт, удовлетворяющий ограничениям по всем четным изотопам урана, и расходующий на его производство заданное количество регенерата. Предложенную схему каскада целесообразно использовать в условиях многократного рецикла урана, начиная со второго рецикла, а также в условиях постоянного производства регенерированного топлива для парка реакторов на тепловых нейтронах.},
	language = {ru},
	number = {6},
	urldate = {2019-12-24},
	journal = {Вестник Национального Исследовательского Ядерного Университета Мифи},
	author = {Невиница, В. А. and Смирнов, А. Ю. and Сулаберидзе, Г. А. and Гусев, В. Е. and Павловичев, А. М. and Щеренко, А. И. and Родионова, Е. В. and Бландинский, В. Ю.},
	year = {2019},
	keywords = {Двойной Каскад, Многопоточный Каскад, Обогащение Урана, Оят, Разделительный Каскад, Регенерированный Уран, Double Cascade, Multi-Flow Cascade, Reprocessed Uranium, Separation Cascades Theory, Snf},
	pages = {498--506},
	file = {Невиница_et_al_2019_Топливный_Цикл_Легководного_Реактора_С_Полным_Использованием_Регенерированного.pdf:C\:\\Users\\Vlad\\OneDrive\\PhD_bibliography\\Невиница_et_al_2019_Топливный_Цикл_Легководного_Реактора_С_Полным_Использованием_Регенерированного.pdf:application/pdf}
}

@ARTICLE{smirnovObogashchenieRegenerirovannogoUrana2018,
	title = {Обогащение регенерированного урана в двойном каскаде газовых центрифуг с его максимальным возвратом в воспроизводство топлива},
	volume = {7},
	copyright = {All rights reserved},
	number = {6},
	author = {Смирнов, А. Ю. and Гусев, В. Е. and Сулаберидзе, Г. А. and Невиница, В. А. and Фомиченко, П. А.},
	year = {2018},
	pages = {449--457},
	language = {russian},
    authorvak = {true},
}

@article{smirnovApplyingEnrichmentCapacities2018,
	title = {Applying enrichment capacities for multiple recycling of {LWR} uranium},
	volume = {1099},
	copyright = {All rights reserved},
	issn = {1742-6588, 1742-6596},
	url = {http://stacks.iop.org/1742-6596/1099/i=1/a=012001?key=crossref.0c80a787035496eacd74c24a32e52a85},
	doi = {10.1088/1742-6596/1099/1/012001},
	urldate = {2020-02-18},
	journal = {Journal of Physics: Conference Series},
	author = {Smirnov, A Yu and Sulaberidze, G A and Gusev, V E and Andrianova, E A and Blandinski, V Yu and Grol, A V and Dudnikov, A A and Nevinitsa, V A and Fomichenko, P A},
	month = sep,
	year = {2018},
	pages = {012001},
	authorconf = {true},
}

@article{rodionovaAnalizTehnikoekonomicheskihHarakteristik2019,
	title = {Анализ технико-экономических характеристик двойной каскадной схемы для обогащения многократно рециклированного регенерированного урана},
	copyright = {All rights reserved},
	issn = {0205-4671},
	url = {https://elibrary.ru/item.asp?id=41538281},
	abstract = {В статье представлены результаты исследований оптимизации параметров двойного каскада обогащения регенерированного урана с высоким содержанием чётных изотопов. Кроме анализа физических ограничений, проведён анализ экономической целесообразности разделения. Предложена методика выбора оптимального варианта параметров каскада.},
	language = {ru},
	number = {5},
	urldate = {2020-02-20},
	journal = {Вопросы Атомной Науки И Техники. Серия: Физика Ядерных Реакторов},
	author = {Родионова, Екатерина Викторовна and Смирнов, А. Ю. and Невиница, В. А. and Сулаберидзе, Г. А. and Гусев, В. Е. and Бландинский, В. Ю. and Цибульски, С. В.},
	year = {2019},
	keywords = {Двойной Каскад, Разделительный Каскад, Double Cascade, Separation Cascade, Газовая Центрифуга, Изотоп, Методика, Обогащение, Отвал, Уран, Экономика, Economy, Enrichment, Gaseous Centrifuge, Isotope, Technique, Uranium},
	pages = {62--71},
	file = {Родионова_et_al_2019_Анализ_технико-экономических_характеристик_двойной_каскадной_схемы_для.pdf:C\:\\Users\\Vlad\\OneDrive\\PhD_bibliography\\Родионова_et_al_2019_Анализ_технико-экономических_характеристик_двойной_каскадной_схемы_для.pdf:application/pdf}
}

@article{smirnovMethodEnrichReprocessed2019,
	title = {A method to enrich reprocessed uranium with various initial contents of even-numbered isotopes},
	volume = {2101},
	copyright = {All rights reserved},
	issn = {0094-243X},
	url = {https://aip.scitation.org/doi/abs/10.1063/1.5099598},
	doi = {10.1063/1.5099598},
	number = {1},
	urldate = {2020-02-21},
	journal = {AIP Conference Proceedings},
	author = {Smirnov, Andrei and Gusev, Vladislav and Sulaberidze, Georgy and Nevinitsa, Vladimir},
	month = apr,
	year = {2019},
	pages = {020006},
	file = {Smirnov_et_al_2019_A_method_to_enrich_reprocessed_uranium_with_various_initial_contents_of.pdf:C\:\\Users\\Vlad\\OneDrive\\PhD_bibliography\\Smirnov_et_al_2019_A_method_to_enrich_reprocessed_uranium_with_various_initial_contents_of.pdf:application/pdf}
}

@article{smirnovFizikotehnicheskieProblemyObogashcheniya2020,
	title = {Физико-технические проблемы обогащения регенерированного урана при многократном рецикле в легководных реакторах и пути их решения},
	volume = {128},
	copyright = {All rights reserved},
	issn = {0004-7163},
	url = {https://www.elibrary.ru/item.asp?id=43110962},
	abstract = {В статье обсуждаются вопросы замыкания топливного цикла. Показано, что с точки зрения полного использования регенерированных ядерных материалов основные проблемы связаны с многократным рециклом урана, что обусловлено ограничениями, налагаемыми на содержание изотопа 232U в свежем топливе из регенерированных материалов. В статье выполнена оценка потерь изотопа 235U при многократном рецикле регенерированного урана в виде топлива из регенерата урана и смеси регенерированных оксидов урана и плутония. Показан способ замыкания топливного цикла легководного реактора, который позволяет снизить почти до нуля потери 235U при очистке регенерированного урана от 232U},
	language = {ru},
	number = {4},
	urldate = {2020-08-14},
	journal = {Атомная Энергия},
	author = {Смирнов, А. Ю. and Гусев, В. Е. and Сулаберидзе, Г. А. and Невиница, В. А. and Бобров, Е. А. and Белов, И. А. and Родионова, Е. В.},
	year = {2020},
	file = {Смирнов_et_al_2020_Физико-технические_проблемы_обогащения_регенерированного_урана_при_многократном.pdf:C\:\\Users\\Vlad\\OneDrive\\PhD_bibliography\\Смирнов_et_al_2020_Физико-технические_проблемы_обогащения_регенерированного_урана_при_многократном.pdf:application/pdf}
}

@article{gusevMultycascadeEnrichmentSchemes2020,
	title = {Multy-cascade enrichment schemes for reprocessed uranium recycling},
	volume = {1696},
	copyright = {All rights reserved},
	issn = {1742-6596},
	url = {https://iopscience.iop.org/article/10.1088/1742-6596/1696/1/012009/meta},
	doi = {10.1088/1742-6596/1696/1/012009},
	language = {en},
	number = {1},
	urldate = {2020-12-08},
	journal = {Journal of Physics: Conference Series},
	author = {Gusev, V. E.},
	month = dec,
	year = {2020},
	pages = {012009},
	file = {Gusev_2020_Multy-cascade_enrichment_schemes_for_reprocessed_uranium_recycling.pdf:C\:\\Users\\Vlad\\OneDrive\\PhD_bibliography\\Gusev_2020_Multy-cascade_enrichment_schemes_for_reprocessed_uranium_recycling.pdf:application/pdf}
}
